@book{gauss,
    author = {Gauss, Carl Friedrich},
    year = {1809},
    title = {Theoria Motus Corporum Coelestium},
    publisher = {Perthes and Besser},
    address = {Hannover}
}

@book{laplace,
    author = {Laplace, Pierre-Simon},
    year = {1812},
    title = {The Analytical Theory of Probabilities},
    publisher = {Courcier},
    address = {Paris}
}

@article{Liapounov1901,
  author = {Liapounov, Aleksandr Mikhailovich},
  title = {Sur une proposition de la théorie des probabilités},
  journal = {Bulletin de l'Académie Impériale des Sciences de St. -Pétersbourg},
  year = 1900,
  volume = 8,
  pages = "1-24"
}